
@misc{JOOQ,
  author       = {{lukaseder}},
  title        = {Why You Should Use jOOQ With Code Generation},
  howpublished = {\url{https://blog.jooq.org/why-you-should-use-jooq-with-code-generation/}},
  urldate      = {06.December.2021}
}
@misc{Maven,
  author       = {{ Apache Software Foundation}},
  title        = {Apache Maven},
  howpublished = {\url{https://maven.apache.org/}},
  urldate      = {14.January.2025}
}

@misc{Java,
  author       = {{Oracle}},
  title        = {Java SE 17 Archive Downloads},
  howpublished = {\url{https://www.oracle.com/java/technologies/javase/jdk17-archive-downloads.html}},
  urldate      = {14.January.2025}
}





